@misc{wikipedia,
    author = "Wikipedia",
    title = "C (programming language)",
    url = "http://en.wikipedia.org/wiki/C_(programming_language)"
}
